%YAML 1.1
%TAG !u! tag:unity3d.com,2011:
--- !u!29 &1
OcclusionCullingSettings:
  m_ObjectHideFlags: 0
  serializedVersion: 2
  m_OcclusionBakeSettings:
    smallestOccluder: 5
    smallestHole: 0.25
    backfaceThreshold: 100
  m_SceneGUID: 00000000000000000000000000000000
  m_OcclusionCullingData: {fileID: 0}
--- !u!104 &2
RenderSettings:
  m_ObjectHideFlags: 0
  serializedVersion: 9
  m_Fog: 0
  m_FogColor: {r: 0.5, g: 0.5, b: 0.5, a: 1}
  m_FogMode: 3
  m_FogDensity: 0.01
  m_LinearFogStart: 0
  m_LinearFogEnd: 300
  m_AmbientSkyColor: {r: 0.212, g: 0.227, b: 0.259, a: 1}
  m_AmbientEquatorColor: {r: 0.114, g: 0.125, b: 0.133, a: 1}
  m_AmbientGroundColor: {r: 0.047, g: 0.043, b: 0.035, a: 1}
  m_AmbientIntensity: 1.5
  m_AmbientMode: 0
  m_SubtractiveShadowColor: {r: 0.42, g: 0.478, b: 0.627, a: 1}
  m_SkyboxMaterial: {fileID: 2100000, guid: 89cf2d56c0f304c4ba7758a343d10de8, type: 2}
  m_HaloStrength: 0.5
  m_FlareStrength: 1
  m_FlareFadeSpeed: 3
  m_HaloTexture: {fileID: 0}
  m_SpotCookie: {fileID: 10001, guid: 0000000000000000e000000000000000, type: 0}
  m_DefaultReflectionMode: 0
  m_DefaultReflectionResolution: 128
  m_ReflectionBounces: 1
  m_ReflectionIntensity: 1
  m_CustomReflection: {fileID: 0}
  m_Sun: {fileID: 0}
  m_IndirectSpecularColor: {r: 0.028891271, g: 0.035790518, b: 0.11697238, a: 1}
  m_UseRadianceAmbientProbe: 0
--- !u!157 &3
LightmapSettings:
  m_ObjectHideFlags: 0
  serializedVersion: 11
  m_GIWorkflowMode: 1
  m_GISettings:
    serializedVersion: 2
    m_BounceScale: 1
    m_IndirectOutputScale: 1
    m_AlbedoBoost: 1
    m_TemporalCoherenceThreshold: 1
    m_EnvironmentLightingMode: 0
    m_EnableBakedLightmaps: 1
    m_EnableRealtimeLightmaps: 1
  m_LightmapEditorSettings:
    serializedVersion: 10
    m_Resolution: 2
    m_BakeResolution: 40
    m_AtlasSize: 1024
    m_AO: 0
    m_AOMaxDistance: 1
    m_CompAOExponent: 1
    m_CompAOExponentDirect: 0
    m_Padding: 2
    m_LightmapParameters: {fileID: 0}
    m_LightmapsBakeMode: 1
    m_TextureCompression: 1
    m_FinalGather: 0
    m_FinalGatherFiltering: 1
    m_FinalGatherRayCount: 256
    m_ReflectionCompression: 2
    m_MixedBakeMode: 2
    m_BakeBackend: 0
    m_PVRSampling: 1
    m_PVRDirectSampleCount: 32
    m_PVRSampleCount: 500
    m_PVRBounces: 2
    m_PVRFilterTypeDirect: 0
    m_PVRFilterTypeIndirect: 0
    m_PVRFilterTypeAO: 0
    m_PVRFilteringMode: 1
    m_PVRCulling: 1
    m_PVRFilteringGaussRadiusDirect: 1
    m_PVRFilteringGaussRadiusIndirect: 5
    m_PVRFilteringGaussRadiusAO: 2
    m_PVRFilteringAtrousPositionSigmaDirect: 0.5
    m_PVRFilteringAtrousPositionSigmaIndirect: 2
    m_PVRFilteringAtrousPositionSigmaAO: 1
    m_ShowResolutionOverlay: 1
  m_LightingDataAsset: {fileID: 112000016, guid: 2d4f2e40390f22544857861abe6b2c89,
    type: 2}
  m_UseShadowmask: 1
--- !u!196 &4
NavMeshSettings:
  serializedVersion: 2
  m_ObjectHideFlags: 0
  m_BuildSettings:
    serializedVersion: 2
    agentTypeID: 0
    agentRadius: 0.5
    agentHeight: 2
    agentSlope: 45
    agentClimb: 0.4
    ledgeDropHeight: 0
    maxJumpAcrossDistance: 0
    minRegionArea: 2
    manualCellSize: 0
    cellSize: 0.16666667
    manualTileSize: 0
    tileSize: 256
    accuratePlacement: 0
    debug:
      m_Flags: 0
  m_NavMeshData: {fileID: 0}
--- !u!20 &52323039 stripped
Camera:
  m_PrefabParentObject: {fileID: 20830309792269374, guid: 0f6111cec0f1c0f45941b0f77f428be3,
    type: 2}
  m_PrefabInternal: {fileID: 2106250669}
--- !u!1 &170154530
GameObject:
  m_ObjectHideFlags: 0
  m_PrefabParentObject: {fileID: 0}
  m_PrefabInternal: {fileID: 0}
  serializedVersion: 5
  m_Component:
  - component: {fileID: 170154532}
  - component: {fileID: 170154531}
  m_Layer: 0
  m_Name: Reflection Probe
  m_TagString: Untagged
  m_Icon: {fileID: 0}
  m_NavMeshLayer: 0
  m_StaticEditorFlags: 0
  m_IsActive: 1
--- !u!215 &170154531
ReflectionProbe:
  m_ObjectHideFlags: 0
  m_PrefabParentObject: {fileID: 0}
  m_PrefabInternal: {fileID: 0}
  m_GameObject: {fileID: 170154530}
  m_Enabled: 1
  serializedVersion: 2
  m_Type: 0
  m_Mode: 1
  m_RefreshMode: 0
  m_TimeSlicingMode: 0
  m_Resolution: 128
  m_UpdateFrequency: 0
  m_BoxSize: {x: 25, y: 25, z: 25}
  m_BoxOffset: {x: 0, y: 0, z: 0}
  m_NearClip: 0.3
  m_FarClip: 1000
  m_ShadowDistance: 100
  m_ClearFlags: 1
  m_BackGroundColor: {r: 0.19215687, g: 0.3019608, b: 0.4745098, a: 0}
  m_CullingMask:
    serializedVersion: 2
    m_Bits: 4294967295
  m_IntensityMultiplier: 1
  m_BlendDistance: 1
  m_HDR: 1
  m_BoxProjection: 0
  m_RenderDynamicObjects: 0
  m_UseOcclusionCulling: 1
  m_Importance: 1
  m_CustomBakedTexture: {fileID: 8900000, guid: 935502c10be2da842860490f0bd4ee1d,
    type: 3}
--- !u!4 &170154532
Transform:
  m_ObjectHideFlags: 0
  m_PrefabParentObject: {fileID: 0}
  m_PrefabInternal: {fileID: 0}
  m_GameObject: {fileID: 170154530}
  m_LocalRotation: {x: -0, y: -0, z: -0, w: 1}
  m_LocalPosition: {x: 2.1425781, y: -5.2199993, z: 3.53}
  m_LocalScale: {x: 1, y: 1, z: 1}
  m_Children: []
  m_Father: {fileID: 0}
  m_RootOrder: 0
  m_LocalEulerAnglesHint: {x: 0, y: 0, z: 0}
--- !u!1001 &183738241
Prefab:
  m_ObjectHideFlags: 0
  serializedVersion: 2
  m_Modification:
    m_TransformParent: {fileID: 0}
    m_Modifications:
    - target: {fileID: 224499915943100364, guid: 377cf87ae299f0d4bad15561b3f8fe1c,
        type: 2}
      propertyPath: m_LocalPosition.x
      value: 0
      objectReference: {fileID: 0}
    - target: {fileID: 224499915943100364, guid: 377cf87ae299f0d4bad15561b3f8fe1c,
        type: 2}
      propertyPath: m_LocalPosition.y
      value: 0
      objectReference: {fileID: 0}
    - target: {fileID: 224499915943100364, guid: 377cf87ae299f0d4bad15561b3f8fe1c,
        type: 2}
      propertyPath: m_LocalPosition.z
      value: 0
      objectReference: {fileID: 0}
    - target: {fileID: 224499915943100364, guid: 377cf87ae299f0d4bad15561b3f8fe1c,
        type: 2}
      propertyPath: m_LocalRotation.x
      value: 0
      objectReference: {fileID: 0}
    - target: {fileID: 224499915943100364, guid: 377cf87ae299f0d4bad15561b3f8fe1c,
        type: 2}
      propertyPath: m_LocalRotation.y
      value: 0
      objectReference: {fileID: 0}
    - target: {fileID: 224499915943100364, guid: 377cf87ae299f0d4bad15561b3f8fe1c,
        type: 2}
      propertyPath: m_LocalRotation.z
      value: 0
      objectReference: {fileID: 0}
    - target: {fileID: 224499915943100364, guid: 377cf87ae299f0d4bad15561b3f8fe1c,
        type: 2}
      propertyPath: m_LocalRotation.w
      value: 1
      objectReference: {fileID: 0}
    - target: {fileID: 224499915943100364, guid: 377cf87ae299f0d4bad15561b3f8fe1c,
        type: 2}
      propertyPath: m_RootOrder
      value: 7
      objectReference: {fileID: 0}
    - target: {fileID: 224499915943100364, guid: 377cf87ae299f0d4bad15561b3f8fe1c,
        type: 2}
      propertyPath: m_AnchoredPosition.x
      value: 0
      objectReference: {fileID: 0}
    - target: {fileID: 224499915943100364, guid: 377cf87ae299f0d4bad15561b3f8fe1c,
        type: 2}
      propertyPath: m_AnchoredPosition.y
      value: 0
      objectReference: {fileID: 0}
    - target: {fileID: 224499915943100364, guid: 377cf87ae299f0d4bad15561b3f8fe1c,
        type: 2}
      propertyPath: m_SizeDelta.x
      value: 0
      objectReference: {fileID: 0}
    - target: {fileID: 224499915943100364, guid: 377cf87ae299f0d4bad15561b3f8fe1c,
        type: 2}
      propertyPath: m_SizeDelta.y
      value: 0
      objectReference: {fileID: 0}
    - target: {fileID: 224499915943100364, guid: 377cf87ae299f0d4bad15561b3f8fe1c,
        type: 2}
      propertyPath: m_AnchorMin.x
      value: 0
      objectReference: {fileID: 0}
    - target: {fileID: 224499915943100364, guid: 377cf87ae299f0d4bad15561b3f8fe1c,
        type: 2}
      propertyPath: m_AnchorMin.y
      value: 0
      objectReference: {fileID: 0}
    - target: {fileID: 224499915943100364, guid: 377cf87ae299f0d4bad15561b3f8fe1c,
        type: 2}
      propertyPath: m_AnchorMax.x
      value: 0
      objectReference: {fileID: 0}
    - target: {fileID: 224499915943100364, guid: 377cf87ae299f0d4bad15561b3f8fe1c,
        type: 2}
      propertyPath: m_AnchorMax.y
      value: 0
      objectReference: {fileID: 0}
    - target: {fileID: 224499915943100364, guid: 377cf87ae299f0d4bad15561b3f8fe1c,
        type: 2}
      propertyPath: m_Pivot.x
      value: 0
      objectReference: {fileID: 0}
    - target: {fileID: 224499915943100364, guid: 377cf87ae299f0d4bad15561b3f8fe1c,
        type: 2}
      propertyPath: m_Pivot.y
      value: 0
      objectReference: {fileID: 0}
    - target: {fileID: 224152489569466240, guid: 377cf87ae299f0d4bad15561b3f8fe1c,
        type: 2}
      propertyPath: m_AnchorMin.y
      value: 0
      objectReference: {fileID: 0}
    - target: {fileID: 224152489569466240, guid: 377cf87ae299f0d4bad15561b3f8fe1c,
        type: 2}
      propertyPath: m_AnchorMax.y
      value: 0
      objectReference: {fileID: 0}
    - target: {fileID: 224152489569466240, guid: 377cf87ae299f0d4bad15561b3f8fe1c,
        type: 2}
      propertyPath: m_AnchoredPosition.x
      value: 0
      objectReference: {fileID: 0}
    - target: {fileID: 224152489569466240, guid: 377cf87ae299f0d4bad15561b3f8fe1c,
        type: 2}
      propertyPath: m_AnchoredPosition.y
      value: 0
      objectReference: {fileID: 0}
    - target: {fileID: 224152489569466240, guid: 377cf87ae299f0d4bad15561b3f8fe1c,
        type: 2}
      propertyPath: m_SizeDelta.x
      value: 0
      objectReference: {fileID: 0}
    - target: {fileID: 224152489569466240, guid: 377cf87ae299f0d4bad15561b3f8fe1c,
        type: 2}
      propertyPath: m_SizeDelta.y
      value: 0
      objectReference: {fileID: 0}
    - target: {fileID: 224634228168820586, guid: 377cf87ae299f0d4bad15561b3f8fe1c,
        type: 2}
      propertyPath: m_AnchorMin.y
      value: 0
      objectReference: {fileID: 0}
    - target: {fileID: 224634228168820586, guid: 377cf87ae299f0d4bad15561b3f8fe1c,
        type: 2}
      propertyPath: m_AnchorMax.y
      value: 0
      objectReference: {fileID: 0}
    - target: {fileID: 224634228168820586, guid: 377cf87ae299f0d4bad15561b3f8fe1c,
        type: 2}
      propertyPath: m_AnchoredPosition.x
      value: 0
      objectReference: {fileID: 0}
    - target: {fileID: 224634228168820586, guid: 377cf87ae299f0d4bad15561b3f8fe1c,
        type: 2}
      propertyPath: m_AnchoredPosition.y
      value: 0
      objectReference: {fileID: 0}
    - target: {fileID: 224634228168820586, guid: 377cf87ae299f0d4bad15561b3f8fe1c,
        type: 2}
      propertyPath: m_SizeDelta.x
      value: 0
      objectReference: {fileID: 0}
    - target: {fileID: 224634228168820586, guid: 377cf87ae299f0d4bad15561b3f8fe1c,
        type: 2}
      propertyPath: m_SizeDelta.y
      value: 0
      objectReference: {fileID: 0}
    m_RemovedComponents: []
  m_ParentPrefab: {fileID: 100100000, guid: 377cf87ae299f0d4bad15561b3f8fe1c, type: 2}
  m_IsPrefabParent: 0
--- !u!20 &405506243 stripped
Camera:
  m_PrefabParentObject: {fileID: 20190650906451184, guid: 0f6111cec0f1c0f45941b0f77f428be3,
    type: 2}
  m_PrefabInternal: {fileID: 2106250669}
--- !u!1001 &405916726
Prefab:
  m_ObjectHideFlags: 0
  serializedVersion: 2
  m_Modification:
    m_TransformParent: {fileID: 749613379}
    m_Modifications:
    - target: {fileID: 4378005618846144, guid: b723e49647252bd45b13e1e668e48eae, type: 2}
      propertyPath: m_LocalPosition.x
      value: 2
      objectReference: {fileID: 0}
    - target: {fileID: 4378005618846144, guid: b723e49647252bd45b13e1e668e48eae, type: 2}
      propertyPath: m_LocalPosition.y
      value: 0
      objectReference: {fileID: 0}
    - target: {fileID: 4378005618846144, guid: b723e49647252bd45b13e1e668e48eae, type: 2}
      propertyPath: m_LocalPosition.z
      value: 2
      objectReference: {fileID: 0}
    - target: {fileID: 4378005618846144, guid: b723e49647252bd45b13e1e668e48eae, type: 2}
      propertyPath: m_LocalRotation.x
      value: 0
      objectReference: {fileID: 0}
    - target: {fileID: 4378005618846144, guid: b723e49647252bd45b13e1e668e48eae, type: 2}
      propertyPath: m_LocalRotation.y
      value: 0
      objectReference: {fileID: 0}
    - target: {fileID: 4378005618846144, guid: b723e49647252bd45b13e1e668e48eae, type: 2}
      propertyPath: m_LocalRotation.z
      value: 0
      objectReference: {fileID: 0}
    - target: {fileID: 4378005618846144, guid: b723e49647252bd45b13e1e668e48eae, type: 2}
      propertyPath: m_LocalRotation.w
      value: 1
      objectReference: {fileID: 0}
    - target: {fileID: 4378005618846144, guid: b723e49647252bd45b13e1e668e48eae, type: 2}
      propertyPath: m_RootOrder
      value: 6
      objectReference: {fileID: 0}
    - target: {fileID: 4378005618846144, guid: b723e49647252bd45b13e1e668e48eae, type: 2}
      propertyPath: m_LocalScale.x
      value: 5
      objectReference: {fileID: 0}
    - target: {fileID: 4378005618846144, guid: b723e49647252bd45b13e1e668e48eae, type: 2}
      propertyPath: m_LocalScale.y
      value: 5
      objectReference: {fileID: 0}
    - target: {fileID: 4378005618846144, guid: b723e49647252bd45b13e1e668e48eae, type: 2}
      propertyPath: m_LocalScale.z
      value: 5
      objectReference: {fileID: 0}
    - target: {fileID: 65174089563685542, guid: b723e49647252bd45b13e1e668e48eae,
        type: 2}
      propertyPath: m_Enabled
      value: 0
      objectReference: {fileID: 0}
    - target: {fileID: 1566688192488630, guid: b723e49647252bd45b13e1e668e48eae, type: 2}
      propertyPath: m_Layer
      value: 0
      objectReference: {fileID: 0}
    - target: {fileID: 1566688192488630, guid: b723e49647252bd45b13e1e668e48eae, type: 2}
      propertyPath: m_TagString
      value: Untagged
      objectReference: {fileID: 0}
    - target: {fileID: 23066262462187202, guid: b723e49647252bd45b13e1e668e48eae,
        type: 2}
      propertyPath: m_Materials.Array.data[0]
      value: 
      objectReference: {fileID: 2100000, guid: 4bc1b2459327ff24182b33e51b56033a, type: 2}
    - target: {fileID: 1566688192488630, guid: b723e49647252bd45b13e1e668e48eae, type: 2}
      propertyPath: m_IsActive
      value: 0
      objectReference: {fileID: 0}
    m_RemovedComponents: []
  m_ParentPrefab: {fileID: 100100000, guid: b723e49647252bd45b13e1e668e48eae, type: 2}
  m_IsPrefabParent: 0
--- !u!1001 &573408610
Prefab:
  m_ObjectHideFlags: 0
  serializedVersion: 2
  m_Modification:
    m_TransformParent: {fileID: 0}
    m_Modifications:
    - target: {fileID: 114851084632240938, guid: 26dc20e6259f8de4fb9e261322bb45ba,
        type: 2}
      propertyPath: cube_number_sprites.Array.size
      value: 5
      objectReference: {fileID: 0}
    - target: {fileID: 4789340849333726, guid: 26dc20e6259f8de4fb9e261322bb45ba, type: 2}
      propertyPath: m_LocalPosition.x
      value: 0
      objectReference: {fileID: 0}
    - target: {fileID: 4789340849333726, guid: 26dc20e6259f8de4fb9e261322bb45ba, type: 2}
      propertyPath: m_LocalPosition.y
      value: 0
      objectReference: {fileID: 0}
    - target: {fileID: 4789340849333726, guid: 26dc20e6259f8de4fb9e261322bb45ba, type: 2}
      propertyPath: m_LocalPosition.z
      value: 0
      objectReference: {fileID: 0}
    - target: {fileID: 4789340849333726, guid: 26dc20e6259f8de4fb9e261322bb45ba, type: 2}
      propertyPath: m_LocalRotation.x
      value: 0
      objectReference: {fileID: 0}
    - target: {fileID: 4789340849333726, guid: 26dc20e6259f8de4fb9e261322bb45ba, type: 2}
      propertyPath: m_LocalRotation.y
      value: 0
      objectReference: {fileID: 0}
    - target: {fileID: 4789340849333726, guid: 26dc20e6259f8de4fb9e261322bb45ba, type: 2}
      propertyPath: m_LocalRotation.z
      value: 0
      objectReference: {fileID: 0}
    - target: {fileID: 4789340849333726, guid: 26dc20e6259f8de4fb9e261322bb45ba, type: 2}
      propertyPath: m_LocalRotation.w
      value: 1
      objectReference: {fileID: 0}
    - target: {fileID: 4789340849333726, guid: 26dc20e6259f8de4fb9e261322bb45ba, type: 2}
      propertyPath: m_RootOrder
      value: 4
      objectReference: {fileID: 0}
    - target: {fileID: 114851084632240938, guid: 26dc20e6259f8de4fb9e261322bb45ba,
        type: 2}
      propertyPath: mat_selected_cell
      value: 
      objectReference: {fileID: 2100000, guid: 4bc1b2459327ff24182b33e51b56033a, type: 2}
    - target: {fileID: 114851084632240938, guid: 26dc20e6259f8de4fb9e261322bb45ba,
        type: 2}
      propertyPath: cube
      value: 
      objectReference: {fileID: 1348738294931566, guid: 5679f4217da590b42a2821cb61291964,
        type: 2}
    - target: {fileID: 114851084632240938, guid: 26dc20e6259f8de4fb9e261322bb45ba,
        type: 2}
      propertyPath: mat_non_target_cell
      value: 
      objectReference: {fileID: 2100000, guid: ddd036eb19e129741ad0d601e9045a81, type: 2}
    - target: {fileID: 114851084632240938, guid: 26dc20e6259f8de4fb9e261322bb45ba,
        type: 2}
      propertyPath: mat_target_cell
      value: 
      objectReference: {fileID: 2100000, guid: d21becfede138dd45afce74da144539d, type: 2}
    - target: {fileID: 114851084632240938, guid: 26dc20e6259f8de4fb9e261322bb45ba,
        type: 2}
      propertyPath: commands
      value: 
      objectReference: {fileID: 11400000, guid: fc5ab6c0a742e974484e86f61ded74c0,
        type: 2}
    - target: {fileID: 114851084632240938, guid: 26dc20e6259f8de4fb9e261322bb45ba,
        type: 2}
      propertyPath: camera_handle
      value: 
      objectReference: {fileID: 1117563063}
    - target: {fileID: 114851084632240938, guid: 26dc20e6259f8de4fb9e261322bb45ba,
        type: 2}
      propertyPath: mat_surrounding_cell
      value: 
      objectReference: {fileID: 2100000, guid: de32f3b75456e91409693b5baa4c3dd1, type: 2}
    - target: {fileID: 114851084632240938, guid: 26dc20e6259f8de4fb9e261322bb45ba,
        type: 2}
      propertyPath: grid_info
      value: 
      objectReference: {fileID: 11400000, guid: a1b3aafc6f4e6204a942309a5c332e3e,
        type: 2}
    - target: {fileID: 114851084632240938, guid: 26dc20e6259f8de4fb9e261322bb45ba,
        type: 2}
      propertyPath: cube_rotation_vel
      value: 10
      objectReference: {fileID: 0}
    - target: {fileID: 114851084632240938, guid: 26dc20e6259f8de4fb9e261322bb45ba,
        type: 2}
      propertyPath: input_delay_time
      value: 0.1
      objectReference: {fileID: 0}
    - target: {fileID: 114851084632240938, guid: 26dc20e6259f8de4fb9e261322bb45ba,
        type: 2}
      propertyPath: set_0
      value: 
      objectReference: {fileID: 11400000, guid: 4496269987c70664395f359895fdfec0,
        type: 2}
    - target: {fileID: 114851084632240938, guid: 26dc20e6259f8de4fb9e261322bb45ba,
        type: 2}
      propertyPath: set_1
      value: 
      objectReference: {fileID: 11400000, guid: b67cddd1f2b84dd49a762be4fca77408,
        type: 2}
    - target: {fileID: 114851084632240938, guid: 26dc20e6259f8de4fb9e261322bb45ba,
        type: 2}
      propertyPath: set_2
      value: 
      objectReference: {fileID: 11400000, guid: 37ff9ccf30d82b247826135ee84362c8,
        type: 2}
    - target: {fileID: 114851084632240938, guid: 26dc20e6259f8de4fb9e261322bb45ba,
        type: 2}
      propertyPath: set_3
      value: 
      objectReference: {fileID: 11400000, guid: b22deac604ec82746b518940eb51de80,
        type: 2}
    - target: {fileID: 114851084632240938, guid: 26dc20e6259f8de4fb9e261322bb45ba,
        type: 2}
      propertyPath: set_4
      value: 
      objectReference: {fileID: 11400000, guid: fb1feb90403e9a047b96ba9abb2dc0d6,
        type: 2}
    - target: {fileID: 114851084632240938, guid: 26dc20e6259f8de4fb9e261322bb45ba,
        type: 2}
      propertyPath: number_image
      value: 
      objectReference: {fileID: 2117172885}
    - target: {fileID: 114851084632240938, guid: 26dc20e6259f8de4fb9e261322bb45ba,
        type: 2}
      propertyPath: cube_number_sprites.Array.data[0]
      value: 
      objectReference: {fileID: 21300000, guid: e8793ee4189cae944a498547ba76b0c0,
        type: 3}
    - target: {fileID: 114851084632240938, guid: 26dc20e6259f8de4fb9e261322bb45ba,
        type: 2}
      propertyPath: cube_number_sprites.Array.data[1]
      value: 
      objectReference: {fileID: 21300000, guid: 4c5b760cad3d42d4d8e79ef6074af194,
        type: 3}
    - target: {fileID: 114851084632240938, guid: 26dc20e6259f8de4fb9e261322bb45ba,
        type: 2}
      propertyPath: cube_number_sprites.Array.data[2]
      value: 
      objectReference: {fileID: 21300000, guid: 28724a814a39c42419fb49aaf822a9e2,
        type: 3}
    - target: {fileID: 114851084632240938, guid: 26dc20e6259f8de4fb9e261322bb45ba,
        type: 2}
      propertyPath: cube_number_sprites.Array.data[3]
      value: 
      objectReference: {fileID: 21300000, guid: 0523ddf94f30d4b4f84363e9a08948ba,
        type: 3}
    - target: {fileID: 114851084632240938, guid: 26dc20e6259f8de4fb9e261322bb45ba,
        type: 2}
      propertyPath: cube_number_sprites.Array.data[4]
      value: 
      objectReference: {fileID: 21300000, guid: f880c44044a551949b96afdcbb7da80b,
        type: 3}
    - target: {fileID: 114851084632240938, guid: 26dc20e6259f8de4fb9e261322bb45ba,
        type: 2}
      propertyPath: UI_quantity_image
      value: 
      objectReference: {fileID: 2117172885}
    - target: {fileID: 114851084632240938, guid: 26dc20e6259f8de4fb9e261322bb45ba,
        type: 2}
      propertyPath: level
      value: 
      objectReference: {fileID: 11400000, guid: e06e1afa8de7cea4a9e93992868f07af,
        type: 2}
    m_RemovedComponents:
    - {fileID: 114152211079084772, guid: 26dc20e6259f8de4fb9e261322bb45ba, type: 2}
  m_ParentPrefab: {fileID: 100100000, guid: 26dc20e6259f8de4fb9e261322bb45ba, type: 2}
  m_IsPrefabParent: 0
--- !u!1 &595936108 stripped
GameObject:
  m_PrefabParentObject: {fileID: 1852691973589956, guid: 1c0f6375e4af64943b12a21c594fe5db,
    type: 2}
  m_PrefabInternal: {fileID: 1905398124}
--- !u!4 &749613379 stripped
Transform:
  m_PrefabParentObject: {fileID: 4852380524213706, guid: 48f5ba77cdf23cd45a78f51ff43ebc87,
    type: 2}
  m_PrefabInternal: {fileID: 1606119521}
--- !u!1 &783964642 stripped
GameObject:
  m_PrefabParentObject: {fileID: 1883470270419270, guid: 0f6111cec0f1c0f45941b0f77f428be3,
    type: 2}
  m_PrefabInternal: {fileID: 2106250669}
--- !u!1001 &795227018
Prefab:
  m_ObjectHideFlags: 0
  serializedVersion: 2
  m_Modification:
    m_TransformParent: {fileID: 0}
    m_Modifications:
    - target: {fileID: 224114609675397246, guid: e02866f93ce26174584330dc72593b2e,
        type: 2}
      propertyPath: m_LocalPosition.x
      value: 0
      objectReference: {fileID: 0}
    - target: {fileID: 224114609675397246, guid: e02866f93ce26174584330dc72593b2e,
        type: 2}
      propertyPath: m_LocalPosition.y
      value: 0
      objectReference: {fileID: 0}
    - target: {fileID: 224114609675397246, guid: e02866f93ce26174584330dc72593b2e,
        type: 2}
      propertyPath: m_LocalPosition.z
      value: 0
      objectReference: {fileID: 0}
    - target: {fileID: 224114609675397246, guid: e02866f93ce26174584330dc72593b2e,
        type: 2}
      propertyPath: m_LocalRotation.x
      value: 0
      objectReference: {fileID: 0}
    - target: {fileID: 224114609675397246, guid: e02866f93ce26174584330dc72593b2e,
        type: 2}
      propertyPath: m_LocalRotation.y
      value: 0
      objectReference: {fileID: 0}
    - target: {fileID: 224114609675397246, guid: e02866f93ce26174584330dc72593b2e,
        type: 2}
      propertyPath: m_LocalRotation.z
      value: 0
      objectReference: {fileID: 0}
    - target: {fileID: 224114609675397246, guid: e02866f93ce26174584330dc72593b2e,
        type: 2}
      propertyPath: m_LocalRotation.w
      value: 1
      objectReference: {fileID: 0}
    - target: {fileID: 224114609675397246, guid: e02866f93ce26174584330dc72593b2e,
        type: 2}
      propertyPath: m_RootOrder
      value: 6
      objectReference: {fileID: 0}
    - target: {fileID: 224114609675397246, guid: e02866f93ce26174584330dc72593b2e,
        type: 2}
      propertyPath: m_AnchoredPosition.x
      value: 0
      objectReference: {fileID: 0}
    - target: {fileID: 224114609675397246, guid: e02866f93ce26174584330dc72593b2e,
        type: 2}
      propertyPath: m_AnchoredPosition.y
      value: 0
      objectReference: {fileID: 0}
    - target: {fileID: 224114609675397246, guid: e02866f93ce26174584330dc72593b2e,
        type: 2}
      propertyPath: m_SizeDelta.x
      value: 0
      objectReference: {fileID: 0}
    - target: {fileID: 224114609675397246, guid: e02866f93ce26174584330dc72593b2e,
        type: 2}
      propertyPath: m_SizeDelta.y
      value: 0
      objectReference: {fileID: 0}
    - target: {fileID: 224114609675397246, guid: e02866f93ce26174584330dc72593b2e,
        type: 2}
      propertyPath: m_AnchorMin.x
      value: 0
      objectReference: {fileID: 0}
    - target: {fileID: 224114609675397246, guid: e02866f93ce26174584330dc72593b2e,
        type: 2}
      propertyPath: m_AnchorMin.y
      value: 0
      objectReference: {fileID: 0}
    - target: {fileID: 224114609675397246, guid: e02866f93ce26174584330dc72593b2e,
        type: 2}
      propertyPath: m_AnchorMax.x
      value: 0
      objectReference: {fileID: 0}
    - target: {fileID: 224114609675397246, guid: e02866f93ce26174584330dc72593b2e,
        type: 2}
      propertyPath: m_AnchorMax.y
      value: 0
      objectReference: {fileID: 0}
    - target: {fileID: 224114609675397246, guid: e02866f93ce26174584330dc72593b2e,
        type: 2}
      propertyPath: m_Pivot.x
      value: 0
      objectReference: {fileID: 0}
    - target: {fileID: 224114609675397246, guid: e02866f93ce26174584330dc72593b2e,
        type: 2}
      propertyPath: m_Pivot.y
      value: 0
      objectReference: {fileID: 0}
    - target: {fileID: 1305357631738124, guid: e02866f93ce26174584330dc72593b2e, type: 2}
      propertyPath: m_Name
      value: Canvas Victory
      objectReference: {fileID: 0}
    - target: {fileID: 223525845901002286, guid: e02866f93ce26174584330dc72593b2e,
        type: 2}
      propertyPath: m_Camera
      value: 
      objectReference: {fileID: 52323039}
    m_RemovedComponents: []
  m_ParentPrefab: {fileID: 100100000, guid: e02866f93ce26174584330dc72593b2e, type: 2}
  m_IsPrefabParent: 0
--- !u!1 &831770515
GameObject:
  m_ObjectHideFlags: 0
  m_PrefabParentObject: {fileID: 0}
  m_PrefabInternal: {fileID: 0}
  serializedVersion: 5
  m_Component:
  - component: {fileID: 831770518}
  - component: {fileID: 831770517}
  - component: {fileID: 831770516}
  m_Layer: 0
  m_Name: EventSystem
  m_TagString: Untagged
  m_Icon: {fileID: 0}
  m_NavMeshLayer: 0
  m_StaticEditorFlags: 0
  m_IsActive: 1
--- !u!114 &831770516
MonoBehaviour:
  m_ObjectHideFlags: 0
  m_PrefabParentObject: {fileID: 0}
  m_PrefabInternal: {fileID: 0}
  m_GameObject: {fileID: 831770515}
  m_Enabled: 1
  m_EditorHideFlags: 0
  m_Script: {fileID: 1077351063, guid: f70555f144d8491a825f0804e09c671c, type: 3}
  m_Name: 
  m_EditorClassIdentifier: 
  m_HorizontalAxis: Horizontal
  m_VerticalAxis: Vertical
  m_SubmitButton: Submit
  m_CancelButton: Cancel
  m_InputActionsPerSecond: 10
  m_RepeatDelay: 0.5
  m_ForceModuleActive: 0
--- !u!114 &831770517
MonoBehaviour:
  m_ObjectHideFlags: 0
  m_PrefabParentObject: {fileID: 0}
  m_PrefabInternal: {fileID: 0}
  m_GameObject: {fileID: 831770515}
  m_Enabled: 1
  m_EditorHideFlags: 0
  m_Script: {fileID: -619905303, guid: f70555f144d8491a825f0804e09c671c, type: 3}
  m_Name: 
  m_EditorClassIdentifier: 
  m_FirstSelected: {fileID: 0}
  m_sendNavigationEvents: 1
  m_DragThreshold: 5
--- !u!4 &831770518
Transform:
  m_ObjectHideFlags: 0
  m_PrefabParentObject: {fileID: 0}
  m_PrefabInternal: {fileID: 0}
  m_GameObject: {fileID: 831770515}
  m_LocalRotation: {x: 0, y: 0, z: 0, w: 1}
  m_LocalPosition: {x: 0, y: 0, z: 0}
  m_LocalScale: {x: 1, y: 1, z: 1}
  m_Children: []
  m_Father: {fileID: 0}
  m_RootOrder: 8
  m_LocalEulerAnglesHint: {x: 0, y: 0, z: 0}
--- !u!1001 &1096630124
Prefab:
  m_ObjectHideFlags: 0
  serializedVersion: 2
  m_Modification:
    m_TransformParent: {fileID: 0}
    m_Modifications:
    - target: {fileID: 4665734233425700, guid: 662c1e3964ff7844e91c3a699f99eb07, type: 2}
      propertyPath: m_LocalPosition.x
      value: 1.8599997
      objectReference: {fileID: 0}
    - target: {fileID: 4665734233425700, guid: 662c1e3964ff7844e91c3a699f99eb07, type: 2}
      propertyPath: m_LocalPosition.y
      value: 3.08
      objectReference: {fileID: 0}
    - target: {fileID: 4665734233425700, guid: 662c1e3964ff7844e91c3a699f99eb07, type: 2}
      propertyPath: m_LocalPosition.z
      value: 2.2200003
      objectReference: {fileID: 0}
    - target: {fileID: 4665734233425700, guid: 662c1e3964ff7844e91c3a699f99eb07, type: 2}
      propertyPath: m_LocalRotation.x
      value: 0
      objectReference: {fileID: 0}
    - target: {fileID: 4665734233425700, guid: 662c1e3964ff7844e91c3a699f99eb07, type: 2}
      propertyPath: m_LocalRotation.y
      value: 0
      objectReference: {fileID: 0}
    - target: {fileID: 4665734233425700, guid: 662c1e3964ff7844e91c3a699f99eb07, type: 2}
      propertyPath: m_LocalRotation.z
      value: 0
      objectReference: {fileID: 0}
    - target: {fileID: 4665734233425700, guid: 662c1e3964ff7844e91c3a699f99eb07, type: 2}
      propertyPath: m_LocalRotation.w
      value: 1
      objectReference: {fileID: 0}
    - target: {fileID: 4665734233425700, guid: 662c1e3964ff7844e91c3a699f99eb07, type: 2}
      propertyPath: m_RootOrder
      value: 9
      objectReference: {fileID: 0}
    - target: {fileID: 114306279021578898, guid: 662c1e3964ff7844e91c3a699f99eb07,
        type: 2}
      propertyPath: m_Enabled
      value: 1
      objectReference: {fileID: 0}
    - target: {fileID: 1962374674723038, guid: 662c1e3964ff7844e91c3a699f99eb07, type: 2}
      propertyPath: m_StaticEditorFlags
      value: 4294967295
      objectReference: {fileID: 0}
    - target: {fileID: 1869424264824952, guid: 662c1e3964ff7844e91c3a699f99eb07, type: 2}
      propertyPath: m_StaticEditorFlags
      value: 4294967295
      objectReference: {fileID: 0}
    - target: {fileID: 23510255625956576, guid: 662c1e3964ff7844e91c3a699f99eb07,
        type: 2}
      propertyPath: m_Materials.Array.data[0]
      value: 
      objectReference: {fileID: 2100000, guid: 9e78f7f2578afac40af2f737e929f23d, type: 2}
    m_RemovedComponents: []
  m_ParentPrefab: {fileID: 100100000, guid: 662c1e3964ff7844e91c3a699f99eb07, type: 2}
  m_IsPrefabParent: 0
--- !u!1001 &1111204515
Prefab:
  m_ObjectHideFlags: 0
  serializedVersion: 2
  m_Modification:
    m_TransformParent: {fileID: 2106250670}
    m_Modifications:
    - target: {fileID: 4133598233676784, guid: 0af3c8d174d8c044298a1a166a079fc4, type: 2}
      propertyPath: m_LocalPosition.x
      value: -3.2
      objectReference: {fileID: 0}
    - target: {fileID: 4133598233676784, guid: 0af3c8d174d8c044298a1a166a079fc4, type: 2}
      propertyPath: m_LocalPosition.y
      value: 1.6
      objectReference: {fileID: 0}
    - target: {fileID: 4133598233676784, guid: 0af3c8d174d8c044298a1a166a079fc4, type: 2}
      propertyPath: m_LocalPosition.z
      value: -3.3
      objectReference: {fileID: 0}
    - target: {fileID: 4133598233676784, guid: 0af3c8d174d8c044298a1a166a079fc4, type: 2}
      propertyPath: m_LocalRotation.x
      value: -0
      objectReference: {fileID: 0}
    - target: {fileID: 4133598233676784, guid: 0af3c8d174d8c044298a1a166a079fc4, type: 2}
      propertyPath: m_LocalRotation.y
      value: 0.9999732
      objectReference: {fileID: 0}
    - target: {fileID: 4133598233676784, guid: 0af3c8d174d8c044298a1a166a079fc4, type: 2}
      propertyPath: m_LocalRotation.z
      value: -0
      objectReference: {fileID: 0}
    - target: {fileID: 4133598233676784, guid: 0af3c8d174d8c044298a1a166a079fc4, type: 2}
      propertyPath: m_LocalRotation.w
      value: -0.0073301606
      objectReference: {fileID: 0}
    - target: {fileID: 4133598233676784, guid: 0af3c8d174d8c044298a1a166a079fc4, type: 2}
      propertyPath: m_RootOrder
      value: 2
      objectReference: {fileID: 0}
    - target: {fileID: 1055362641578068, guid: 0af3c8d174d8c044298a1a166a079fc4, type: 2}
      propertyPath: m_StaticEditorFlags
      value: 0
      objectReference: {fileID: 0}
    - target: {fileID: 4133598233676784, guid: 0af3c8d174d8c044298a1a166a079fc4, type: 2}
      propertyPath: m_LocalScale.x
      value: 0.008000003
      objectReference: {fileID: 0}
    - target: {fileID: 4133598233676784, guid: 0af3c8d174d8c044298a1a166a079fc4, type: 2}
      propertyPath: m_LocalScale.z
      value: 0.008000003
      objectReference: {fileID: 0}
    - target: {fileID: 4133598233676784, guid: 0af3c8d174d8c044298a1a166a079fc4, type: 2}
      propertyPath: m_LocalScale.y
      value: 0.007999999
      objectReference: {fileID: 0}
    - target: {fileID: 1055362641578068, guid: 0af3c8d174d8c044298a1a166a079fc4, type: 2}
      propertyPath: m_IsActive
      value: 0
      objectReference: {fileID: 0}
    m_RemovedComponents: []
  m_ParentPrefab: {fileID: 100100000, guid: 0af3c8d174d8c044298a1a166a079fc4, type: 2}
  m_IsPrefabParent: 0
--- !u!1 &1117563063 stripped
GameObject:
  m_PrefabParentObject: {fileID: 1592290719989444, guid: 0f6111cec0f1c0f45941b0f77f428be3,
    type: 2}
  m_PrefabInternal: {fileID: 2106250669}
--- !u!1 &1441332764
GameObject:
  m_ObjectHideFlags: 0
  m_PrefabParentObject: {fileID: 0}
  m_PrefabInternal: {fileID: 0}
  serializedVersion: 5
  m_Component:
  - component: {fileID: 1441332765}
  m_Layer: 0
  m_Name: '-------------------------'
  m_TagString: Untagged
  m_Icon: {fileID: 0}
  m_NavMeshLayer: 0
  m_StaticEditorFlags: 0
  m_IsActive: 1
--- !u!4 &1441332765
Transform:
  m_ObjectHideFlags: 0
  m_PrefabParentObject: {fileID: 0}
  m_PrefabInternal: {fileID: 0}
  m_GameObject: {fileID: 1441332764}
  m_LocalRotation: {x: 0, y: 0, z: 0, w: 1}
  m_LocalPosition: {x: 2.1425781, y: 3.5273438, z: 0.5703125}
  m_LocalScale: {x: 1, y: 1, z: 1}
  m_Children: []
  m_Father: {fileID: 0}
  m_RootOrder: 1
  m_LocalEulerAnglesHint: {x: 0, y: 0, z: 0}
--- !u!1001 &1606119521
Prefab:
  m_ObjectHideFlags: 0
  serializedVersion: 2
  m_Modification:
    m_TransformParent: {fileID: 0}
    m_Modifications:
    - target: {fileID: 4852380524213706, guid: 48f5ba77cdf23cd45a78f51ff43ebc87, type: 2}
      propertyPath: m_LocalPosition.x
      value: 0
      objectReference: {fileID: 0}
    - target: {fileID: 4852380524213706, guid: 48f5ba77cdf23cd45a78f51ff43ebc87, type: 2}
      propertyPath: m_LocalPosition.y
      value: 0
      objectReference: {fileID: 0}
    - target: {fileID: 4852380524213706, guid: 48f5ba77cdf23cd45a78f51ff43ebc87, type: 2}
      propertyPath: m_LocalPosition.z
      value: 0
      objectReference: {fileID: 0}
    - target: {fileID: 4852380524213706, guid: 48f5ba77cdf23cd45a78f51ff43ebc87, type: 2}
      propertyPath: m_LocalRotation.x
      value: 0
      objectReference: {fileID: 0}
    - target: {fileID: 4852380524213706, guid: 48f5ba77cdf23cd45a78f51ff43ebc87, type: 2}
      propertyPath: m_LocalRotation.y
      value: 0
      objectReference: {fileID: 0}
    - target: {fileID: 4852380524213706, guid: 48f5ba77cdf23cd45a78f51ff43ebc87, type: 2}
      propertyPath: m_LocalRotation.z
      value: 0
      objectReference: {fileID: 0}
    - target: {fileID: 4852380524213706, guid: 48f5ba77cdf23cd45a78f51ff43ebc87, type: 2}
      propertyPath: m_LocalRotation.w
      value: 1
      objectReference: {fileID: 0}
    - target: {fileID: 4852380524213706, guid: 48f5ba77cdf23cd45a78f51ff43ebc87, type: 2}
      propertyPath: m_RootOrder
      value: 2
      objectReference: {fileID: 0}
    m_RemovedComponents: []
  m_ParentPrefab: {fileID: 100100000, guid: 48f5ba77cdf23cd45a78f51ff43ebc87, type: 2}
  m_IsPrefabParent: 0
--- !u!223 &1606379222 stripped
Canvas:
  m_PrefabParentObject: {fileID: 223525845901002286, guid: e02866f93ce26174584330dc72593b2e,
    type: 2}
  m_PrefabInternal: {fileID: 795227018}
--- !u!1001 &1905398124
Prefab:
  m_ObjectHideFlags: 0
  serializedVersion: 2
  m_Modification:
    m_TransformParent: {fileID: 0}
    m_Modifications:
    - target: {fileID: 4061090459565086, guid: 1c0f6375e4af64943b12a21c594fe5db, type: 2}
      propertyPath: m_LocalPosition.x
      value: 0
      objectReference: {fileID: 0}
    - target: {fileID: 4061090459565086, guid: 1c0f6375e4af64943b12a21c594fe5db, type: 2}
      propertyPath: m_LocalPosition.y
      value: 0
      objectReference: {fileID: 0}
    - target: {fileID: 4061090459565086, guid: 1c0f6375e4af64943b12a21c594fe5db, type: 2}
      propertyPath: m_LocalPosition.z
      value: 0
      objectReference: {fileID: 0}
    - target: {fileID: 4061090459565086, guid: 1c0f6375e4af64943b12a21c594fe5db, type: 2}
      propertyPath: m_LocalRotation.x
      value: 0
      objectReference: {fileID: 0}
    - target: {fileID: 4061090459565086, guid: 1c0f6375e4af64943b12a21c594fe5db, type: 2}
      propertyPath: m_LocalRotation.y
      value: 0
      objectReference: {fileID: 0}
    - target: {fileID: 4061090459565086, guid: 1c0f6375e4af64943b12a21c594fe5db, type: 2}
      propertyPath: m_LocalRotation.z
      value: 0
      objectReference: {fileID: 0}
    - target: {fileID: 4061090459565086, guid: 1c0f6375e4af64943b12a21c594fe5db, type: 2}
      propertyPath: m_LocalRotation.w
      value: 1
      objectReference: {fileID: 0}
    - target: {fileID: 4061090459565086, guid: 1c0f6375e4af64943b12a21c594fe5db, type: 2}
      propertyPath: m_RootOrder
      value: 5
      objectReference: {fileID: 0}
    - target: {fileID: 114313653550467524, guid: 1c0f6375e4af64943b12a21c594fe5db,
        type: 2}
      propertyPath: level
      value: 
      objectReference: {fileID: 11400000, guid: e06e1afa8de7cea4a9e93992868f07af,
        type: 2}
    - target: {fileID: 114313653550467524, guid: 1c0f6375e4af64943b12a21c594fe5db,
        type: 2}
      propertyPath: canvas_victory
      value: 
      objectReference: {fileID: 1606379222}
    m_RemovedComponents: []
  m_ParentPrefab: {fileID: 100100000, guid: 1c0f6375e4af64943b12a21c594fe5db, type: 2}
  m_IsPrefabParent: 0
--- !u!1 &2008234927 stripped
GameObject:
  m_PrefabParentObject: {fileID: 1860947201305916, guid: 26dc20e6259f8de4fb9e261322bb45ba,
    type: 2}
  m_PrefabInternal: {fileID: 573408610}
--- !u!114 &2008234930
MonoBehaviour:
  m_ObjectHideFlags: 0
  m_PrefabParentObject: {fileID: 0}
  m_PrefabInternal: {fileID: 0}
  m_GameObject: {fileID: 2008234927}
  m_Enabled: 1
  m_EditorHideFlags: 0
  m_Script: {fileID: 11500000, guid: 9d1607daf025f5f488246163c2f09cbc, type: 3}
  m_Name: 
  m_EditorClassIdentifier: 
  commands: {fileID: 11400000, guid: fc5ab6c0a742e974484e86f61ded74c0, type: 2}
  main_camera: {fileID: 52323039}
  free_camera: {fileID: 405506243}
  main_controller: {fileID: 1117563063}
  free_controller: {fileID: 783964642}
--- !u!1001 &2106250669
Prefab:
  m_ObjectHideFlags: 0
  serializedVersion: 2
  m_Modification:
    m_TransformParent: {fileID: 0}
    m_Modifications:
    - target: {fileID: 4096126688417458, guid: 0f6111cec0f1c0f45941b0f77f428be3, type: 2}
      propertyPath: m_LocalPosition.x
      value: 0
      objectReference: {fileID: 0}
    - target: {fileID: 4096126688417458, guid: 0f6111cec0f1c0f45941b0f77f428be3, type: 2}
      propertyPath: m_LocalPosition.y
      value: 0
      objectReference: {fileID: 0}
    - target: {fileID: 4096126688417458, guid: 0f6111cec0f1c0f45941b0f77f428be3, type: 2}
      propertyPath: m_LocalPosition.z
      value: 0
      objectReference: {fileID: 0}
    - target: {fileID: 4096126688417458, guid: 0f6111cec0f1c0f45941b0f77f428be3, type: 2}
      propertyPath: m_LocalRotation.x
      value: 0
      objectReference: {fileID: 0}
    - target: {fileID: 4096126688417458, guid: 0f6111cec0f1c0f45941b0f77f428be3, type: 2}
      propertyPath: m_LocalRotation.y
      value: 0
      objectReference: {fileID: 0}
    - target: {fileID: 4096126688417458, guid: 0f6111cec0f1c0f45941b0f77f428be3, type: 2}
      propertyPath: m_LocalRotation.z
      value: 0
      objectReference: {fileID: 0}
    - target: {fileID: 4096126688417458, guid: 0f6111cec0f1c0f45941b0f77f428be3, type: 2}
      propertyPath: m_LocalRotation.w
      value: 1
      objectReference: {fileID: 0}
    - target: {fileID: 4096126688417458, guid: 0f6111cec0f1c0f45941b0f77f428be3, type: 2}
      propertyPath: m_RootOrder
      value: 3
      objectReference: {fileID: 0}
    - target: {fileID: 114711003990666742, guid: 0f6111cec0f1c0f45941b0f77f428be3,
        type: 2}
      propertyPath: game_manager
      value: 
      objectReference: {fileID: 595936108}
    - target: {fileID: 1883470270419270, guid: 0f6111cec0f1c0f45941b0f77f428be3, type: 2}
      propertyPath: m_IsActive
      value: 1
      objectReference: {fileID: 0}
    - target: {fileID: 1883470270419270, guid: 0f6111cec0f1c0f45941b0f77f428be3, type: 2}
      propertyPath: m_Name
      value: Free Controller
      objectReference: {fileID: 0}
    - target: {fileID: 81965673139062350, guid: 0f6111cec0f1c0f45941b0f77f428be3,
        type: 2}
      propertyPath: m_Enabled
      value: 0
      objectReference: {fileID: 0}
    - target: {fileID: 114002526248240940, guid: 0f6111cec0f1c0f45941b0f77f428be3,
        type: 2}
      propertyPath: commands
      value: 
      objectReference: {fileID: 11400000, guid: fc5ab6c0a742e974484e86f61ded74c0,
        type: 2}
    - target: {fileID: 4722282386878090, guid: 0f6111cec0f1c0f45941b0f77f428be3, type: 2}
      propertyPath: m_LocalPosition.z
      value: -13
      objectReference: {fileID: 0}
    - target: {fileID: 114711003990666742, guid: 0f6111cec0f1c0f45941b0f77f428be3,
        type: 2}
      propertyPath: level
      value: 
      objectReference: {fileID: 11400000, guid: e06e1afa8de7cea4a9e93992868f07af,
        type: 2}
    - target: {fileID: 114002526248240940, guid: 0f6111cec0f1c0f45941b0f77f428be3,
        type: 2}
      propertyPath: level
      value: 
      objectReference: {fileID: 11400000, guid: e06e1afa8de7cea4a9e93992868f07af,
        type: 2}
    - target: {fileID: 114566173719413554, guid: 0f6111cec0f1c0f45941b0f77f428be3,
        type: 2}
      propertyPath: level
      value: 
      objectReference: {fileID: 11400000, guid: e06e1afa8de7cea4a9e93992868f07af,
        type: 2}
    - target: {fileID: 1210724627384860, guid: 0f6111cec0f1c0f45941b0f77f428be3, type: 2}
      propertyPath: m_IsActive
      value: 0
      objectReference: {fileID: 0}
    m_RemovedComponents: []
  m_ParentPrefab: {fileID: 100100000, guid: 0f6111cec0f1c0f45941b0f77f428be3, type: 2}
  m_IsPrefabParent: 0
--- !u!4 &2106250670 stripped
Transform:
  m_PrefabParentObject: {fileID: 4049698324484544, guid: 0f6111cec0f1c0f45941b0f77f428be3,
    type: 2}
  m_PrefabInternal: {fileID: 2106250669}
--- !u!114 &2117172885 stripped
MonoBehaviour:
  m_PrefabParentObject: {fileID: 114222141037004398, guid: 377cf87ae299f0d4bad15561b3f8fe1c,
    type: 2}
  m_PrefabInternal: {fileID: 183738241}
  m_Script: {fileID: -765806418, guid: f70555f144d8491a825f0804e09c671c, type: 3}
